@book{Robbins2017,
abstract = {What time is it? Many. In this incandescent book, we learn that time is always composite, a relation among things, made of conflicting simultaneities, teleologies, and eternities. Working through the timely and untimely worlds of 1920s Soviet Russia and 1990s indigenous Siberia, Ssorin-Chaikov delivers a dazzling brief for how exchanges among market, gift, and state {\ldots}},
author = {Robbins, Joel},
booktitle = {HAU Books},
file = {:C$\backslash$:/Users/Aaron/Documents/MRES/Theses/Literature/Robbins - 2017 - Two Lenins.pdf:pdf},
isbn = {9780997367539},
title = {{Two Lenins}},
url = {https://haubooks.org/two-lenins/{\%}0Ainternal-pdf://0.0.4.208/two-lenins.html},
year = {2017}
}
